<?xml version="1.0" encoding="UTF-8" ?><xb:digital_entity_call xmlns:xb="http://com/exlibris/digitool/repository/api/xmlbeans"><xb:digital_entity><pid>83999</pid><control><label>Koubová, Jana. Metoda Videotrénink interakcí _ bc</label><note>ETF</note><ingest_id xsi:nil="true" xmlns:xsi="http://www.w3.org/2001/XMLSchema-instance"/><ingest_name xsi:nil="true" xmlns:xsi="http://www.w3.org/2001/XMLSchema-instance"/><entity_type>COMPLEX</entity_type><entity_group xsi:nil="true" xmlns:xsi="http://www.w3.org/2001/XMLSchema-instance"/><usage_type>VIEW_MAIN</usage_type><preservation_level>any</preservation_level><partition_a xsi:nil="true" xmlns:xsi="http://www.w3.org/2001/XMLSchema-instance"/><partition_b xsi:nil="true" xmlns:xsi="http://www.w3.org/2001/XMLSchema-instance"/><partition_c>ckis_ok</partition_c><status xsi:nil="true" xmlns:xsi="http://www.w3.org/2001/XMLSchema-instance"/><creation_date>2009-11-27 16:16:38</creation_date><creator>super:BARBORA</creator><modification_date>2018-01-30 15:52:31</modification_date><modified_by>super:DUVT</modified_by><admin_unit>DUR01</admin_unit></control><mds><md shared="true"><mid>308757</mid><description xsi:nil="true" xmlns:xsi="http://www.w3.org/2001/XMLSchema-instance"/><name/><type/><value/></md><md shared="true"><mid>309063</mid><description> </description><name>accessrights</name><type>rights_md</type><value><![CDATA[<?xml version="1.0" encoding="UTF-8"?><ar:access_right_md xmlns:ar="http://com/exlibris/digitool/repository/api/xmlbeans" enabled="true">	<ar_copyrights required="true">		<text_file>licence</text_file>	</ar_copyrights>	<ar_conditions>		<ar_condition negate="false">			<ar_expressions>				<ar_expression negate="false" ar_operation="within">					<key>ip_range</key>					<val1>195.113.89.0</val1>					<val2>195.113.93.255</val2>				</ar_expression>			</ar_expressions>		</ar_condition>		<ar_condition negate="false">			<ar_expressions>				<ar_expression negate="false" ar_operation="within">					<key>ip_range</key>					<val1>195.113.0.0</val1>					<val2>195.113.66.255</val2>				</ar_expression>			</ar_expressions>		</ar_condition>		<ar_condition negate="false">			<ar_expressions>				<ar_expression negate="false" ar_operation="within">					<key>ip_range</key>					<val1>78.128.160.0</val1>					<val2>78.128.207.255</val2>				</ar_expression>			</ar_expressions>		</ar_condition>		<ar_condition negate="false">			<ar_expressions>				<ar_expression negate="false" ar_operation="within">					<key>ip_range</key>					<val1>195.113.0.0</val1>					<val2>195.113.69.255</val2>				</ar_expression>			</ar_expressions>		</ar_condition>		<ar_condition negate="false">			<ar_expressions>				<ar_expression negate="false" ar_operation="within">					<key>ip_range</key>					<val1>195.113.114.0</val1>					<val2>195.113.117.255</val2>				</ar_expression>			</ar_expressions>		</ar_condition>		<ar_condition negate="false">			<ar_expressions>				<ar_expression negate="false" ar_operation="within">					<key>ip_range</key>					<val1>195.113.130.0</val1>					<val2>195.113.131.255</val2>				</ar_expression>			</ar_expressions>		</ar_condition>		<ar_condition negate="false">			<ar_expressions>				<ar_expression negate="false" ar_operation="within">					<key>ip_range</key>					<val1>195.113.149.132</val1>					<val2>195.113.149.135</val2>				</ar_expression>			</ar_expressions>		</ar_condition>		<ar_condition negate="false">			<ar_expressions>				<ar_expression negate="false" ar_operation="within">					<key>ip_range</key>					<val1>195.113.149.176</val1>					<val2>195.113.149.183</val2>				</ar_expression>			</ar_expressions>		</ar_condition>		<ar_condition negate="false">			<ar_expressions>				<ar_expression negate="false" ar_operation="within">					<key>ip_range</key>					<val1>195.113.187.240</val1>					<val2>195.113.187.251</val2>				</ar_expression>			</ar_expressions>		</ar_condition>		<ar_condition negate="false">			<ar_expressions>				<ar_expression negate="false" ar_operation="within">					<key>ip_range</key>					<val1>195.113.189.0</val1>					<val2>195.113.189.255</val2>				</ar_expression>			</ar_expressions>		</ar_condition>		<ar_condition negate="false">			<ar_expressions>				<ar_expression negate="false" ar_operation="within">					<key>ip_range</key>					<val1>195.113.223.0</val1>					<val2>195.113.223.255</val2>				</ar_expression>			</ar_expressions>		</ar_condition>		<ar_condition negate="false">			<ar_expressions>				<ar_expression negate="false" ar_operation="within">					<key>ip_range</key>					<val1>195.113.229.0</val1>					<val2>195.113.229.255</val2>				</ar_expression>			</ar_expressions>		</ar_condition>		<ar_condition negate="false">			<ar_expressions>				<ar_expression negate="false" ar_operation="within">					<key>ip_range</key>					<val1>195.113.236.0</val1>					<val2>195.113.236.255</val2>				</ar_expression>			</ar_expressions>		</ar_condition>		<ar_condition negate="false">			<ar_expressions>				<ar_expression negate="false" ar_operation="within">					<key>bor_tuples_m</key>					<val1>student</val1>				</ar_expression>			</ar_expressions>		</ar_condition>		<ar_condition negate="false"><ar_expressions><ar_expression negate="false" ar_operation="within"><key>ip_range</key><val1>78.128.2014.96</val1><val2>78.128.214.111</val2></ar_expression></ar_expressions></ar_condition><ar_condition negate="false"><ar_expressions><ar_expression negate="false" ar_operation="within"><key>ip_range</key><val1>193.84.53.0</val1><val2>193.84.53.255</val2></ar_expression></ar_expressions></ar_condition><ar_condition negate="false"><ar_expressions><ar_expression negate="false" ar_operation="within"><key>ip_range</key><val1>78.128.208.0</val1><val2>78.128.209.127</val2></ar_expression></ar_expressions></ar_condition><ar_condition negate="false"><ar_expressions><ar_expression negate="false" ar_operation="within"><key>ip_range</key><val1>78.128.214.66</val1><val2>78.128.214.67</val2></ar_expression></ar_expressions></ar_condition><ar_condition negate="false"><ar_expressions><ar_expression negate="false" ar_operation="within"><key>ip_range</key><val1>195.113.245.0</val1><val2>195.113.245.255</val2></ar_expression></ar_expressions></ar_condition><ar_condition negate="false"><ar_expressions><ar_expression negate="false" ar_operation="within"><key>ip_range</key><val1>195.113.180.160</val1><val2>195.113.180.167</val2></ar_expression></ar_expressions></ar_condition><ar_condition negate="false"><ar_expressions><ar_expression negate="false" ar_operation="within"><key>ip_range</key><val1>193.84.55.0</val1><val2>193.84.63.255</val2></ar_expression></ar_expressions></ar_condition></ar_conditions></ar:access_right_md>]]></value></md><md shared="false"><mid>148343</mid><description> </description><name>descriptive</name><type>marc</type><value><![CDATA[<record xmlns="http://www.loc.gov/MARC21/slim" xmlns:xsi="http://www.w3.org/2001/XMLSchema-instance" xsi:schemaLocation="http://www.loc.gov/MARC21/slim http://www.loc.gov/standards/marcxml/schema/MARC21slim.xsd"><leader>02808ntm a22003377a 4500</leader><controlfield tag="001">001173423</controlfield><controlfield tag="003">CZ PrCU</controlfield><controlfield tag="005">20091127161651.0</controlfield><controlfield tag="008">091127s2005    xr     f m       |0 cze d</controlfield><datafield tag="040" ind1=" " ind2=" "><subfield code="a">ABD027</subfield><subfield code="b">cze</subfield><subfield code="9">1</subfield></datafield><datafield tag="100" ind1="1" ind2=" "><subfield code="a">Koubová, Jana</subfield><subfield code="4">dis</subfield></datafield><datafield tag="245" ind1="1" ind2="0"><subfield code="a">Metoda Videotrénink interakcí</subfield><subfield code="h">[rukopis] :</subfield><subfield code="b">(aplikace metody VTI na oddělení LDN ve Fakultní nemocnici Motol) : bakalářská práce /</subfield><subfield code="c">Jana Koubová ; vedoucí práce: Marie Lhotová</subfield></datafield><datafield tag="260" ind1=" " ind2=" "><subfield code="a">Praha,</subfield><subfield code="c">2005</subfield></datafield><datafield tag="300" ind1=" " ind2=" "><subfield code="a">[78 l.] :</subfield><subfield code="b">il. příl.</subfield></datafield><datafield tag="502" ind1=" " ind2=" "><subfield code="a">Bakalářská práce (Bc.) -- Univerzita Karlova. Evangelická teologická fakulta, 2005</subfield></datafield><datafield tag="504" ind1=" " ind2=" "><subfield code="a">Obsahuje bibliografii</subfield></datafield><datafield tag="520" ind1="9" ind2=" "><subfield code="a">In my bachelor work I am writing about Video Home Training (VTI in Czech) which comes from the Netherlands. I have divided my work into two parts. One is the theoretical part and the other is the practical part. The theoretical part is about the history of VTI, about specific parts of this program. I am writing here about SPIN (Civic Initiative). It is the only association which cares about videotraining in the Czech Republic. The specific group who I am interested in is a group of old people in FN Motol (Teaching Hospital). Last year I was working at Long-stay Hospital as a volunteer. You can find also some of my practical experience with this type of VTI in my bachelor work. I attended a basic course about this metod. I am also writing about it. The practical part is the comparison of my questionnaires with questionnaires of the trainers from the SPIN. Last year they did a specific course for their health visitors, doctors and other workers of Long-stay Hospital. The members of this course had to fill in the questionnaires. The aim of my work is to find if this method is useful and brings some new information for the members. If the method brought them better care, better communication in their professional team, helped them in their professional care. I found that this method is really very useful and the aim of my work has been achieved. A lot of people have decided that they would continue in this course if they could.</subfield><subfield code="9">eng</subfield></datafield><datafield tag="650" ind1="0" ind2="7"><subfield code="a">metody</subfield><subfield code="2">czenas</subfield></datafield><datafield tag="650" ind1="0" ind2="7"><subfield code="a">komunikace</subfield><subfield code="2">ctt</subfield></datafield><datafield tag="650" ind1="0" ind2="7"><subfield code="a">péče o staré</subfield><subfield code="2">ctt</subfield></datafield><datafield tag="650" ind1="0" ind2="7"><subfield code="a">péče o nemocné</subfield><subfield code="2">ctt</subfield></datafield><datafield tag="650" ind1="0" ind2="7"><subfield code="a">komunikační dovednosti</subfield><subfield code="2">czenas</subfield></datafield><datafield tag="655" ind1="0" ind2="7"><subfield code="a">bakalářské práce</subfield><subfield code="2">czenas</subfield></datafield><datafield tag="650" ind1="0" ind2="4"><subfield code="a">Videotrénink interakcí</subfield></datafield><datafield tag="700" ind1="1" ind2=" "><subfield code="a">Lhotová, Marie,</subfield><subfield code="d">1952-</subfield><subfield code="7">js20081027002</subfield><subfield code="4">ths</subfield></datafield><datafield tag="710" ind1="2" ind2=" "><subfield code="a">Univerzita Karlova.</subfield><subfield code="b">Evangelická teologická fakulta</subfield><subfield code="7">kn20010710335</subfield></datafield><datafield tag="710" ind1="2" ind2=" "><subfield code="a">Jabok - Vyšší sociálně pedagogická a teologická škola</subfield><subfield code="7">kn20020502016</subfield></datafield><datafield tag="856" ind1="4" ind2="1"><subfield code="y">Plný text diplomové práce je přístupný pouze ze sítě Univerzity Karlovy v Praze</subfield><subfield code="u">http://digitool.is.cuni.cz:80/R/?func=dbin-jump-full&amp;object_id=83999</subfield></datafield><datafield tag="981" ind1=" " ind2=" "><subfield code="a">bc</subfield></datafield><datafield tag="980" ind1=" " ind2=" "><subfield code="a">application.pdf</subfield></datafield><controlfield tag="998">001173423</controlfield><datafield tag="SID" ind1=" " ind2=" "><subfield code="a">Z39</subfield><subfield code="b">CKS01</subfield></datafield><controlfield tag="FMT">BK</controlfield></record>]]></value></md></mds><relations><relation><type>include</type><pid>84000</pid></relation><relation><type>include</type><pid>84003</pid></relation><relation><type>manifestation</type><pid>528030</pid></relation></relations><stream_ref><file_name xsi:nil="true" xmlns:xsi="http://www.w3.org/2001/XMLSchema-instance"/><file_extension xsi:nil="true" xmlns:xsi="http://www.w3.org/2001/XMLSchema-instance"/><mime_type xsi:nil="true" xmlns:xsi="http://www.w3.org/2001/XMLSchema-instance"/><directory_path xsi:nil="true" xmlns:xsi="http://www.w3.org/2001/XMLSchema-instance"/><file_id xsi:nil="true" xmlns:xsi="http://www.w3.org/2001/XMLSchema-instance"/><storage_id>-1</storage_id><external_type>0</external_type><file_size_bytes>0</file_size_bytes></stream_ref></xb:digital_entity></xb:digital_entity_call>